@inproceedings{ref1,
  title={Tool support for refactoring functional programs},
  author={Li, Huiqing and Reinke, Claus and Thompson, Simon},
  booktitle={Proceedings of the 2003 ACM SIGPLAN workshop on Haskell},
  pages={27--38},
  year={2003}
}

@inproceedings{ref2,
  title={Refactoring for parameterizing {J}ava classes},
  author={Kiezun, Adam and Ernst, Michael D and Tip, Frank and Fuhrer, Robert M},
  booktitle={29th International Conference on Software Engineering (ICSE'07)},
  pages={437--446},
  year={2007},
  organization={IEEE}
}

@electronic{ref3,
  title={Trends for {T}ype{S}cript, mypy and {P}ython typing},
  author={{Google Trends}},
  url={https://trends.google.com/trends/explore?date=2015-01-01\%202020-09-30\&q=\%2Fm\%2F0n50hxv,mypy,python\%20typing},
  year={2020},
  note={Accessed 2020-10-14}
}

@article{ref4,
  title={A theory of type polymorphism in programming},
  author={Milner, Robin},
  journal={Journal of computer and system sciences},
  volume={17},
  number={3},
  pages={348--375},
  year={1978},
  publisher={Elsevier}
}

@article{ref5,
  title={Proofs about a folklore let-polymorphic type inference algorithm},
  author={Lee, Oukseh and Yi, Kwangkeun},
  journal={ACM Transactions on Programming Languages and Systems (TOPLAS)},
  volume={20},
  number={4},
  pages={707--723},
  year={1998},
  publisher={ACM New York, NY, USA}
}

@article{ref6,
  title={Complete and easy bidirectional typechecking for higher-rank polymorphism},
  author={Dunfield, Joshua and Krishnaswami, Neelakantan R},
  journal={ACM SIGPLAN Notices},
  volume={48},
  number={9},
  pages={429--442},
  year={2013},
  publisher={ACM New York, NY, USA}
}

@misc{ref7,
  author={{Stack Overflow}},
  title={{S}tack {O}verflow Developer Survey},
  year={2020},
  url={https://insights.stackoverflow.com/survey/2020},
  note={Accessed 2020-10-14}
}

@misc{ref8,
  author={Ranko Lazic},
  title={{CS}310 Third Year Project Teaching Material},
  year={2020},
  url={https://warwick.ac.uk/fac/sci/dcs/teaching/material/cs310},
  note={Accessed 2020-10-14}
}