@inproceedings{ref1,
  title={Tool support for refactoring functional programs},
  author={Li, Huiqing and Reinke, Claus and Thompson, Simon},
  booktitle={Proceedings of the 2003 ACM SIGPLAN workshop on Haskell},
  pages={27--38},
  year={2003}
}

@article{ref2,
  title={Improving the Quality of OpenAPI Specifications Using TypeScript Types and Annotations},
  author={Hobmaier, Wolfgang}
}

@inproceedings{ref3,
  title={Exploring API method parameter recommendations},
  author={Asaduzzaman, Muhammad and Roy, Chanchal K and Monir, Samiul and Schneider, Kevin A},
  booktitle={2015 IEEE International Conference on Software Maintenance and Evolution (ICSME)},
  pages={271--280},
  year={2015},
  organization={IEEE}
}

@inproceedings{ref4,
  title={TypeTool: A type inference visualization tool},
  author={Simoes, Hugo and Florido, Mário},
  booktitle={WFLP’04: Proc. 13th Intl. Workshop on Functional and (Constraint) Logic Programming, H. Kuchen, Ed. RWTH Aachen, Dept. Comp. Sc., Technical report AIB-2004-05},
  pages={48--61},
  year={2004},
  organization={Citeseer}
}

@article{ref5,
  title={Feedback research revisited.},
  author={Mory, Edna Holland},
  year={2004},
  publisher={Lawrence Erlbaum Associates Publishers}
}

@article{ref6,
  title={The effects of feedback and second try in computer-assisted instruction for rule-learning task},
  author={Lee, Doris},
  year={1989}
}

@article{ref7,
  title={A visualisation of polymorphic type checking},
  author={Jung, Yang and Michaelson, Greg},
  journal={Journal of Functional Programming},
  volume={10},
  number={1},
  pages={57--75},
  year={2000}
}

@article{ref8,
  title={Nimotoons: a totally graphic workbench for program tuning and experimentation},
  author={Clerici, Silvia and Zoltan, Cristina and Prestigiacomo, Guillermo},
  journal={Electronic Notes in Theoretical Computer Science},
  volume={258},
  number={1},
  pages={93--107},
  year={2009},
  publisher={Elsevier}
}

@article{ref9,
  title={TILC: The interactive lambda-calculus tracer},
  author={Ruiz, David and Villaret, Mateu},
  journal={Electronic Notes in Theoretical Computer Science},
  volume={248},
  pages={173--183},
  year={2009},
  publisher={Elsevier}
}

@article{ref10,
  title={A formulation of the simple theory of types},
  author={Church, Alonzo},
  journal={The journal of symbolic logic},
  volume={5},
  number={2},
  pages={56--68},
  year={1940},
  publisher={JSTOR}
}

@article{ref11,
  title={The principal type-scheme of an object in combinatory logic},
  author={Hindley, Roger},
  journal={Transactions of the american mathematical society},
  volume={146},
  pages={29--60},
  year={1969},
  publisher={JSTOR}
}

@article{ref12,
  title={A theory of type polymorphism in programming},
  author={Milner, Robin},
  journal={Journal of computer and system sciences},
  volume={17},
  number={3},
  pages={348--375},
  year={1978},
  publisher={Elsevier}
}

@article{ref13,
  title={Typability and type checking in System F are equivalent and undecidable},
  author={Wells, Joe B},
  journal={Annals of Pure and Applied Logic},
  volume={98},
  number={1-3},
  pages={111--156},
  year={1999},
  publisher={Elsevier}
}

@book{ref14,
  title={Standard ml},
  author={Harper, Robert and MacQueen, David and Milner, Robin},
  year={1986},
  publisher={Department of Computer Science, University of Edinburgh}
}

@article{ref15,
  title={Type classes in Haskell},
  author={Hall, Cordelia V and Hammond, Kevin and Peyton Jones, Simon L and Wadler, Philip L},
  journal={ACM Transactions on Programming Languages and Systems (TOPLAS)},
  volume={18},
  number={2},
  pages={109--138},
  year={1996},
  publisher={ACM New York, NY, USA}
}

@book{ref16,
  title={Qualified types: theory and practice},
  author={Jones, Mark P},
  number={9},
  year={2003},
  publisher={Cambridge University Press}
}

@inproceedings{ref17,
  title={Type classes with functional dependencies},
  author={Jones, Mark P},
  booktitle={European Symposium on Programming},
  pages={230--244},
  year={2000},
  organization={Springer}
}

@article{ref18,
  title={Simple unification-based type inference for GADTs},
  author={Peyton Jones, Simon and Vytiniotis, Dimitrios and Weirich, Stephanie and Washburn, Geoffrey},
  journal={ACM SIGPLAN Notices},
  volume={41},
  number={9},
  pages={50--61},
  year={2006},
  publisher={ACM New York, NY, USA}
}

@article{ref19,
  title={OutsideIn (X) Modular type inference with local assumptions},
  author={Vytiniotis, Dimitrios and Jones, Simon Peyton and Schrijvers, Tom and Sulzmann, Martin},
  journal={Journal of functional programming},
  volume={21},
  number={4-5},
  pages={333--412},
  year={2011},
  publisher={Cambridge University Press}
}

@inproceedings{ref20,
  title={Let should not be generalized},
  author={Vytiniotis, Dimitrios and Peyton Jones, Simon and Schrijvers, Tom},
  booktitle={Proceedings of the 5th ACM SIGPLAN workshop on Types in language design and implementation},
  pages={39--50},
  year={2010}
}

@article{ref21,
  title={A theory of type polymorphism in programming},
  author={Milner, Robin},
  journal={Journal of computer and system sciences},
  volume={17},
  number={3},
  pages={348--375},
  year={1978},
  publisher={Elsevier}
}

@article{ref22,
  title={Proofs about a folklore let-polymorphic type inference algorithm},
  author={Lee, Oukseh and Yi, Kwangkeun},
  journal={ACM Transactions on Programming Languages and Systems (TOPLAS)},
  volume={20},
  number={4},
  pages={707--723},
  year={1998},
  publisher={ACM New York, NY, USA}
}

@book{ref23,
  title={Top quality type error messages},
  author={Heeren, Bastiaan J},
  year={2005},
  publisher={Utrecht University}
}