@inproceedings{ref1,
  title={Tool support for refactoring functional programs},
  author={Li, Huiqing and Reinke, Claus and Thompson, Simon},
  booktitle={Proceedings of the 2003 ACM SIGPLAN workshop on Haskell},
  pages={27--38},
  year={2003}
}

@inproceedings{ref2,
  title={TypeTool: A type inference visualization tool},
  author={Simoes, Hugo and Florido, Mário},
  booktitle={WFLP’04: Proc. 13th Intl. Workshop on Functional and (Constraint) Logic Programming, H. Kuchen, Ed. RWTH Aachen, Dept. Comp. Sc., Technical report AIB-2004-05},
  pages={48--61},
  year={2004},
  organization={Citeseer}
}

@article{ref3,
  title={TILC: The interactive lambda-calculus tracer},
  author={Ruiz, David and Villaret, Mateu},
  journal={Electronic Notes in Theoretical Computer Science},
  volume={248},
  pages={173--183},
  year={2009},
  publisher={Elsevier}
}

@inproceedings{ref4,
  title={TypeTool: A type inference visualization tool},
  author={Simoes, Hugo and Florido, Mário},
  booktitle={WFLP’04: Proc. 13th Intl. Workshop on Functional and (Constraint) Logic Programming, H. Kuchen, Ed. RWTH Aachen, Dept. Comp. Sc., Technical report AIB-2004-05},
  pages={48--61},
  year={2004},
  organization={Citeseer}
}

@article{ref5,
  title={A visualisation of polymorphic type checking},
  author={Jung, Yang and Michaelson, Greg},
  journal={Journal of Functional Programming},
  volume={10},
  number={1},
  pages={57--75},
  year={2000}
}

@misc{ref6,
  author={Ros, Greg},
  title={parjs: Parser Combinator Library},
  year={2020},
  url={https://github.com/GregRos/parjs},
  note={Accessed 2020-11-19}
}

@misc{ref7,
  author={Plaindoux, Didier and Zozol, Nicolas},
  title={masala-parser: {J}avascript Parser Combinators},
  year={2020},
  url={https://github.com/masala/masala-parser},
  note={Accessed 2020-11-19}
}